@inproceedings{mikolov2013distributed,
  title={Distributed representations of words and phrases and their compositionality},
  author={Mikolov, Tomas and Sutskever, Ilya and Chen, Kai and Corrado, Greg S and Dean, Jeff},
  booktitle={Advances in neural information processing systems},
  pages={3111--3119},
  year={2013}
}
@inproceedings{gutmann2010noise,
  title={Noise-contrastive estimation: A new estimation principle for unnormalized statistical models},
  author={Gutmann, Michael and Hyv{\"a}rinen, Aapo},
  booktitle={Proceedings of the Thirteenth International Conference on Artificial Intelligence and Statistics},
  pages={297--304},
  year={2010}
}
@article{mnih2012fast,
  title={A fast and simple algorithm for training neural probabilistic language models},
  author={Mnih, Andriy and Teh, Yee Whye},
  journal={arXiv preprint arXiv:1206.6426},
  year={2012}
}
@article{sun2019rotate,
  title={Rotate: Knowledge graph embedding by relational rotation in complex space},
  author={Sun, Zhiqing and Deng, Zhi-Hong and Nie, Jian-Yun and Tang, Jian},
  journal={arXiv preprint arXiv:1902.10197},
  year={2019}
}
@article{bose2018adversarial,
  title={Adversarial contrastive estimation},
  author={Bose, Avishek Joey and Ling, Huan and Cao, Yanshuai},
  journal={arXiv preprint arXiv:1805.03642},
  year={2018}
}
@inproceedings{bordes2013translating,
  title={Translating embeddings for modeling multi-relational data},
  author={Bordes, Antoine and Usunier, Nicolas and Garcia-Duran, Alberto and Weston, Jason and Yakhnenko, Oksana},
  booktitle={Advances in neural information processing systems},
  pages={2787--2795},
  year={2013}
}
@inproceedings{bengio2003quick,
  title={Quick Training of Probabilistic Neural Nets by Importance Sampling.},
  author={Bengio, Yoshua and Sen{\'e}cal, Jean-S{\'e}bastien and others},
  booktitle={AISTATS},
  pages={1--9},
  year={2003}
}
@inproceedings{goodfellow2014generative,
  title={Generative adversarial nets},
  author={Goodfellow, Ian and Pouget-Abadie, Jean and Mirza, Mehdi and Xu, Bing and Warde-Farley, David and Ozair, Sherjil and Courville, Aaron and Bengio, Yoshua},
  booktitle={Advances in neural information processing systems},
  pages={2672--2680},
  year={2014}
}
@article{cai2017kbgan,
  title={Kbgan: Adversarial learning for knowledge graph embeddings},
  author={Cai, Liwei and Wang, William Yang},
  journal={arXiv preprint arXiv:1711.04071},
  year={2017}
}
@inproceedings{zhang2019nscaching,
  title={Nscaching: Simple and efficient negative sampling for knowledge graph embedding},
  author={Zhang, Yongqi and Yao, Quanming and Shao, Yingxia and Chen, Lei},
  booktitle={2019 IEEE 35th International Conference on Data Engineering (ICDE)},
  pages={614--625},
  year={2019},
  organization={IEEE}
}
@inproceedings{wang2018incorporating,
  title={Incorporating GAN for negative sampling in knowledge representation learning},
  author={Wang, Peifeng and Li, Shuangyin and Pan, Rong},
  booktitle={Thirty-Second AAAI Conference on Artificial Intelligence},
  year={2018}
}
@article{miller1995wordnet,
  title={WordNet: a lexical database for English},
  author={Miller, George A},
  journal={Communications of the ACM},
  volume={38},
  number={11},
  pages={39--41},
  year={1995},
  publisher={ACM New York, NY, USA}
}
@inproceedings{bollacker2008freebase,
  title={Freebase: a collaboratively created graph database for structuring human knowledge},
  author={Bollacker, Kurt and Evans, Colin and Paritosh, Praveen and Sturge, Tim and Taylor, Jamie},
  booktitle={Proceedings of the 2008 ACM SIGMOD international conference on Management of data},
  pages={1247--1250},
  year={2008}
}
@article{kotnis2017analysis,
  title={Analysis of the impact of negative sampling on link prediction in knowledge graphs},
  author={Kotnis, Bhushan and Nastase, Vivi},
  journal={arXiv preprint arXiv:1708.06816},
  year={2017}
}
@article{nickel2015review,
  title={A review of relational machine learning for knowledge graphs},
  author={Nickel, Maximilian and Murphy, Kevin and Tresp, Volker and Gabrilovich, Evgeniy},
  journal={Proceedings of the IEEE},
  volume={104},
  number={1},
  pages={11--33},
  year={2015},
  publisher={IEEE}
}
@article{hamaguchi2017knowledge,
  title={Knowledge transfer for out-of-knowledge-base entities: A graph neural network approach},
  author={Hamaguchi, Takuo and Oiwa, Hidekazu and Shimbo, Masashi and Matsumoto, Yuji},
  journal={arXiv preprint arXiv:1706.05674},
  year={2017}
}
@inproceedings{malinowski2014multi,
  title={A multi-world approach to question answering about real-world scenes based on uncertain input},
  author={Malinowski, Mateusz and Fritz, Mario},
  booktitle={Advances in neural information processing systems},
  pages={1682--1690},
  year={2014}
}
@inproceedings{hao2017end,
  title={An end-to-end model for question answering over knowledge base with cross-attention combining global knowledge},
  author={Hao, Yanchao and Zhang, Yuanzhe and Liu, Kang and He, Shizhu and Liu, Zhanyi and Wu, Hua and Zhao, Jun},
  booktitle={Proceedings of the 55th Annual Meeting of the Association for Computational Linguistics (Volume 1: Long Papers)},
  pages={221--231},
  year={2017}
}
@article{davis1993knowledge,
  title={What is a knowledge representation?},
  author={Davis, Randall and Shrobe, Howard and Szolovits, Peter},
  journal={AI magazine},
  volume={14},
  number={1},
  pages={17--17},
  year={1993}
}
@inproceedings{yu2014improving,
  title={Improving lexical embeddings with semantic knowledge},
  author={Yu, Mo and Dredze, Mark},
  booktitle={Proceedings of the 52nd Annual Meeting of the Association for Computational Linguistics (Volume 2: Short Papers)},
  pages={545--550},
  year={2014}
}
@inproceedings{yao2014information,
  title={Information extraction over structured data: Question answering with freebase},
  author={Yao, Xuchen and Van Durme, Benjamin},
  booktitle={Proceedings of the 52nd Annual Meeting of the Association for Computational Linguistics (Volume 1: Long Papers)},
  pages={956--966},
  year={2014}
}
@inproceedings{berant2013semantic,
  title={Semantic parsing on freebase from question-answer pairs},
  author={Berant, Jonathan and Chou, Andrew and Frostig, Roy and Liang, Percy},
  booktitle={Proceedings of the 2013 conference on empirical methods in natural language processing},
  pages={1533--1544},
  year={2013}
}
@article{yang2019leveraging,
  title={Leveraging knowledge bases in lstms for improving machine reading},
  author={Yang, Bishan and Mitchell, Tom},
  journal={arXiv preprint arXiv:1902.09091},
  year={2019}
}
@inproceedings{angeli2013philosophers,
  title={Philosophers are mortal: Inferring the truth of unseen facts},
  author={Angeli, Gabor and Manning, Christopher D},
  booktitle={Proceedings of the seventeenth conference on computational natural language learning},
  pages={133--142},
  year={2013}
}
@inproceedings{trouillon2016complex,
  author={Trouillon, Th\'{e}o and Welbl, Johannes and Riedel, Sebastian and Gaussier, \'{E}ric and Bouchard, Guillaume},
  title={Complex Embeddings for Simple Link Prediction},
  year={2016},
  publisher={JMLR.org},
  booktitle={Proceedings of the 33rd International Conference on International Conference on Machine Learning - Volume 48},
  pages={2071–2080},
  numpages={10},
  location={New York, NY, USA},
  series={ICML’16}
}
@article{hamilton2017representation,
  title={Representation learning on graphs: Methods and applications},
  author={Hamilton, William L and Ying, Rex and Leskovec, Jure},
  journal={arXiv preprint arXiv:1709.05584},
  year={2017}
}
@article{wang2017knowledge,
  title={Knowledge graph embedding: A survey of approaches and applications},
  author={Wang, Quan and Mao, Zhendong and Wang, Bin and Guo, Li},
  journal={IEEE Transactions on Knowledge and Data Engineering},
  volume={29},
  number={12},
  pages={2724--2743},
  year={2017},
  publisher={IEEE}
}
@inproceedings{ji2015knowledge,
  title={Knowledge graph embedding via dynamic mapping matrix},
  author={Ji, Guoliang and He, Shizhu and Xu, Liheng and Liu, Kang and Zhao, Jun},
  booktitle={Proceedings of the 53rd Annual Meeting of the Association for Computational Linguistics and the 7th International Joint Conference on Natural Language Processing (Volume 1: Long Papers)},
  pages={687--696},
  year={2015}
}
@article{yang2014embedding,
  title={Embedding entities and relations for learning and inference in knowledge bases},
  author={Yang, Bishan and Yih, Wen-tau and He, Xiaodong and Gao, Jianfeng and Deng, Li},
  journal={arXiv preprint arXiv:1412.6575},
  year={2014}
}
@inproceedings{grover2016node2vec,
  title={node2vec: Scalable feature learning for networks},
  author={Grover, Aditya and Leskovec, Jure},
  booktitle={Proceedings of the 22nd ACM SIGKDD international conference on Knowledge discovery and data mining},
  pages={855--864},
  year={2016}
}
@inproceedings{perozzi2014deepwalk,
  title={Deepwalk: Online learning of social representations},
  author={Perozzi, Bryan and Al-Rfou, Rami and Skiena, Steven},
  booktitle={Proceedings of the 20th ACM SIGKDD international conference on Knowledge discovery and data mining},
  pages={701--710},
  year={2014}
}
@article{bengio2003neural,
  title={A neural probabilistic language model},
  author={Bengio, Yoshua and Ducharme, R{\'e}jean and Vincent, Pascal and Jauvin, Christian},
  journal={Journal of machine learning research},
  volume={3},
  number={Feb},
  pages={1137--1155},
  year={2003}
}
@inproceedings{morin2005hierarchical,
  title={Hierarchical probabilistic neural network language model.},
  author={Morin, Frederic and Bengio, Yoshua},
  booktitle={Aistats},
  volume={5},
  pages={246--252},
  year={2005},
  organization={Citeseer}
}
@article{chen2015strategies,
  title={Strategies for training large vocabulary neural language models},
  author={Chen, Welin and Grangier, David and Auli, Michael},
  journal={arXiv preprint arXiv:1512.04906},
  year={2015}
}
@article{navarin2018pre,
  title={Pre-training graph neural networks with kernels},
  author={Navarin, Nicol{\`o} and Tran, Dinh V and Sperduti, Alessandro},
  journal={arXiv preprint arXiv:1811.06930},
  year={2018}
}
@inproceedings{gulrajani2017improved,
  title={Improved training of wasserstein gans},
  author={Gulrajani, Ishaan and Ahmed, Faruk and Arjovsky, Martin and Dumoulin, Vincent and Courville, Aaron C},
  booktitle={Advances in neural information processing systems},
  pages={5767--5777},
  year={2017}
}
@article{metz2016unrolled,
  title={Unrolled generative adversarial networks},
  author={Metz, Luke and Poole, Ben and Pfau, David and Sohl-Dickstein, Jascha},
  journal={arXiv preprint arXiv:1611.02163},
  year={2016}
}
@article{ma2018noise,
  title={Noise contrastive estimation and negative sampling for conditional models: Consistency and statistical efficiency},
  author={Ma, Zhuang and Collins, Michael},
  journal={arXiv preprint arXiv:1809.01812},
  year={2018}
}